@inproceedings{nossdav12_akhshabi,
title  = {{What Happens when HTTP Adaptive Streaming Players Compete for Bandwidth?}},
author = {Saamer Akhshabi and  Lakshmi Anantakrishnan and  Constantine Dovrolis and  Ali C. Begen},
 booktitle = {Proc.\ NOSSDAV},
year = 2012
}

@inproceedings{nossdav12_esteban,
title = {{Interactions Between HTTP Adaptive Streaming and TCP}},
author = {Jairo Esteban and Steven Benno and  Andre Beck and  Yang Guo and Volker Hilt and  Ivica Rimac},
 booktitle = {Proc.\ NOSSDAV},
year = 2012
}

@inproceedings{mmsys2011-cisco,
title  = {{An Experimental Evaluation of Rate Adaptation Algorithms in Adaptive Streaming over HTTP}},
author = {Sameer Akhshabi and  Ali Begen and Constantinos Dovrolis},
booktitle = {Proc.\ MMSys},
year = 2011
}

@inproceedings{serverdriven,
author = {{L. De Cicco, S. Mascolo, and  V. Palmisano}},
title = {{Feedback Control for Adaptive Live Video Streaming}},
booktitle = {Proc. of ACM Multimedia Systems Conference},
year = 2011
}

@article{de2010experimental,
  title={An experimental investigation of the Akamai adaptive video streaming},
  author={De Cicco, L. and Mascolo, S.},
  journal={HCI in Work and Learning, Life and Leisure},
%  pages={447--464},
  year={2010},
  publisher={Springer}
}

@article{kuschnig2011evaluation,
  title={Evaluation of HTTP-based request-response streams for internet video streaming},
  author={Kuschnig, R. and Kofler, I. and Hellwagner, H.},
  journal={Multimedia Systems},
  pages={245--256},
  year={2011}
}

@article{liu2011rate,
  title={Rate adaptation for adaptive HTTP streaming},
  author={Liu, C. and Bouazizi, I. and Gabbouj, M.},
  journal={Proc. ACM MMSys},
  year={2011}
}


@inproceedings{usenix12_ghobadi,
title = {{Trickle: Rate Limiting YouTube Video Streaming}},
author = {Monia Ghobadi and Yuchung Cheng and Ankur Jain and Matt Mathis},
booktitle = {Proc.\ USENIX ATC},
year = 2012
}

@misc{mmsys12_keynote,
author = {Leonidas Kontothanassis},
title = {Content Delivery Considerations for Different Types of Internet Video},
howpublished = {Keynote talk}
}


@inproceedings{icccn11,
title = {{Parallel Adaptive HTTP Media Streaming}},
author = {Chenghao Liu and  Imed Bouazizi and Moncef Gabbouj},
booktitle = {Proc.\ ICCCN},
year = 2011
}

@inproceedings{packetvideo2012_miller,
title = {{Adaptation Algorithm for Adaptive Streaming over HTTP}},
author = {Konstantin Miller and  Emanuele Quacchio and Gianluca Gennari and Adam Wolisz},
booktitle = {Proc.\  Packet Video Workshop},
year = 2012
}

@inproceedings{conext2011_rao,
title = {{Network Characteristics of Video Streaming Traffic}},
author = {Ashwin Rao and Yeon-Sup Lim and  Chadi Barakat and  Arnaud Legout and Don Towsley and Walid Dabbous},
booktitle = {Proc.\ CoNext},
year = 2011
}

@article{jarnikov2011client,
  title={Client intelligence for adaptive streaming solutions},
  author={Jarnikov, D. and {\"O}z{\c{c}}elebi, T.I.},
  journal={Signal Processing: Image Communication},
  year={2011},
  publisher={Elsevier}
}

@inproceedings{houdaille2012shaping,
  title={Shaping HTTP adaptive streams for a better user experience},
  author={Houdaille, R. and Gouache, S.},
  booktitle={Proc.\ MMSys},
  year={2012},
}


@inproceedings{mmsys12_xiang,
title = {{Adaptive scalable video streaming in wireless networks}},
author = {Siyuan Xiang and Lin Cai and Jianping Pan},
booktitle = {Proc.\ MMSys},
year = 2012
}


@inproceedings{icme2011,
title = {{Distributed and  Adaptive HTTP Streaming}},
author = {Stephane Gouache and Guillaume Bichot and  Amine Bsila and Christopher Howson },
booktitle = {Proc.\ ICME},
year = 2011
}

@inproceedings{scte_2011,
title = {{Competitive Analysis of Adaptive Video Streaming Implementations}},
author = {Tom Cloonan},
booktitle = {SCTE Cable-Tec Expo},
year= 2011
}

@article{user-adaptive,
title = {{User perception of adapting video quality}},
author = {Nicola Cranley and Philip Perry and Liam Murphy},
journal  = {International Journal of Human-Computer Studies},
year  = 2006
volume = 64,
number = 8
}

@inproceedings{videoqoe,
title = {{Inferring the QoE of HTTP Video Streaming from User-Viewing Activities }},
 author = {Ricky K. P. Mok and  Edmond W. W. Chan and  Xiapu Luo and  Rocky K. C. Chang},
booktitle = {SIGCOMM W-MUST},
year= 2011
}

@inproceedings{mmsys12-mok,
title = {{QDASH: A QoE-aware DASH system}},
author = {Ricky K. P. Mok  and  Xiapu Luo  and  Edmond W. W. Chan and Rocky K. C. Chang},
booktitle = {Proc.\ MMSys},
year = 2012
}

@misc{harmonic,
title = {Harmonic Mean},
howpublished = {\url{http://en.wikipedia.org/wiki/Harmonic_mean}}
}

@misc{ewma,
title = {EWMA chart},
howpublished = {\url{http://en.wikipedia.org/wiki/EWMA_chart}}
}

@misc{SmoothStreaming,
title = {SmoothStreaming Protocol},
howpublished = {\url{http://go.microsoft.com/?linkid=9682896}}
}

@misc{ssdemo,
title = {SmoothStreaming Experience},
howpublished = {\url{http://www.iis.net/media/experiencesmoothstreaming}}
}

@misc{osmf,
title = {Adobe OSMF Player},
howpublished = {\url{http://www.osmf.org}}
}

@misc{osmf2code,
title = {OSMF 2.0 release code},
howpublished = {\url{http://sourceforge.net/projects/osmf.adobe/files/latest/download}}
}

@misc{hdsdemo,
title = {Crystal-clear HD with Adobe HTTP Dynamic Streaming},
howpublished = {\url{http://zeridemo-f.akamaihd.net/content/adobe/demo/1080p.f4m}}
}

@misc{hds,
title = {Adobe HTTP Dynamic Streaming},
howpublished = {\url{www.adobe.com/products/hds-dynamic-streaming.html}}
}

@misc{akamaihd,
title = {Akamai HD Network},
howpublished = {\url{www.akamai.com/hdnetwork}}
}

@misc{netflix,
title = {Akamai HD Network},
howpublished = {\url{www.netflix.com/}}
}

@misc{rtmp,
title = {Real-Time Messaging Protocol},
howpublished = {\url{www.adobe.com/devnet/rtmp.html}}
}

@misc{quicktime,
title = {Apple QuickTime},
howpublished = {\url{www.apple.com/quicktime/download/}}
}

@misc{windows-media,
title = {Windows Media Player},
howpublished = {\url{en.wikipedia.org/wiki/Windows_Media}}
}

@article{hls,
  title={HTTP live streaming},
  author={Pantos, R.},
  year={2011}
}


@inproceedings{mmsys12-havey,
title = {{Receiver driven rate adaptation for wireless multimedia applications}},
author = {D Havey and R Chertov and  K Almeroth},
booktitle = {Proc.\ MMSys},
year = 2012
}

@inproceedings{mok2011measuring,
  title={Measuring the quality of experience of HTTP video streaming},
  author={Mok, R. and Chan, E. and Chang, R.},
  booktitle={Proc. IEEE/IFIP IM (pre-conf.)},
  year={2011}
}

@inproceedings{chen2011characterizing,
  title={Characterizing roles of front-end servers in end-to-end performance of dynamic content distribution},
  author={Chen, Y. and Jain, S. and Adhikari, V.K. and Zhang, Z.L.},
  booktitle={Proceedings of the 2011 ACM SIGCOMM conference on Internet measurement conference},
  pages={559--568},
  year={2011},
  organization={ACM}
}

@article{muller2011test,
  title={A test-bed for the dynamic adaptive streaming over HTTP featuring session mobility},
  author={M{\"u}ller, C. and Timmerer, C.},
  journal={ACM Multimedia Systems},
  pages={271--276},
  year={2011}
}

@article{evensen2011improving,
  title={Improving the performance of quality-adaptive video streaming over multiple heterogeneous access networks},
  author={Evensen, KR and Kaspar, D. and Griwodz, C. and Halvorsen, P. and Hansen, A.F. and Engelstad, PE},
  journal={Proc. of ACM MMsys},
  pages={57--69},
  year={2011}
}

@inproceedings{rejaie2001mocha,
  title={Mocha: A quality adaptive multimedia proxy cache for internet streaming},
  author={Rejaie, R. and Kangasharju, J.},
  booktitle={Proc.\ NOSSDAV},
  year={2001}
}

@inproceedings{sigcomm12,
author = {Liu, X. and Dobrian, F. and Milner, H. and Jiang, J. and Sekar, V. and Stoica, I. and Zhang, H.},  
title  = {{A Case for a Coordinated Internet Video Control Plane}},
booktitle = {SIGCOMM},
year = 2012
}

@misc{federated2,
author = {{D. Rayburn}},
title = {{ Telcos and carriers forming new federated cdn group called ocx
(operator carrier exchange)}},
howpublished = { June 2011. StreamingMediaBlog.com}
}

@article{rizzo1997dummynet,
  title={Dummynet: a simple approach to the evaluation of network protocols},
  author={Rizzo, L.},
  journal={ACM SIGCOMM Computer Communication Review},
  volume={27},
  number={1},
  pages={31--41},
  year={1997},
  publisher={ACM}
}


@inproceedings{jacobson1988congestion,
  title={Congestion avoidance and control},
  author={Jacobson, V.},
  booktitle={ACM SIGCOMM Computer Communication Review},
  volume={18},
  number={4},
  pages={314--329},
  year={1988},
  organization={ACM}
}

@inproceedings{sigcomm12cdnmulti,
author = {Harry Liu and Ye Wang and Yang Richard Yang and Alexander Tian and Hao Wang}, 
title = {{Optimizing Cost and Performance for Content Multihoming}},
booktitle = {Proc.\ SIGCOMM},
year= 2012
}

@book{richardson2010h,
  title={The H. 264 advanced video compression standard},
  author={Richardson, I.},
  year={2010},
  publisher={John Wiley \& Sons Inc}
}

@inproceedings{httpwaist,
title = {{HTTP as the narrow waist of the future internet}},
author = {Lucian Popa and Ali Ghodsi and Ion Stoica},
booktitle = {Proc.\ HotNets},
year= 2010
}

@misc{jainfair,
title = {{A quantitative measure of fairness and discrimination for resource allocation in shared computer system}}, 
author = {{R. Jain, D. Chiu, and W. Hawe}}, 
howpublished = {Technical Report, DEC, 1984}
}

@inproceedings{confused,
author = {Te-Yuan Huang and Nikhil Handigol and Brandon Heller and Nick McKeown and Ramesh Johari}, 
title = {{Confused, Timid, and Unstable: Picking a Video Streaming Rate is Hard}},
booktitle = {Proc.\ IMC},
year= 2012
}

@inproceedings{fairqueueing,
author = {Alan Demers and Srinivasan Keshav and Scott Shenker},
title = {{Analysis and Simulation of a Fair Queueing Algorithm}},
booktitle ={Proc.\ SIGCOMM},
year = 1989
}

@inproceedings{ccn,
author = {Van Jacobson and Diana K. Smetters and James D. Thornton and Michael F. Plass and Nicholas H. Briggs and Rebecca L. Braynard},

title = {{Networking Named Content}},
booktitle = {Proc.\ CoNext},
year = 2009
}

@article{sekar2012quest,
  title={A Quest for an Internet Video Quality-of-Experience Metric},
  author={Balachandran, A. and Sekar, V. and Akella, A. and Stoica, S.S.I. and Zhang, H.},
  year={2012}
}

