@inproceedings{hotnets12,
 author = {Athula Balachandran and Vyas Sekar and Aditya Akella and Srinivasan Seshan and Ion Stoica and Hui Zhang},
 title = {A quest for an Internet video quality-of-experience metric},
 booktitle = {Hotnets},
 year = {2012},
} 

@inproceedings{festive, 
title = {{Improving Fairness, Efficiency, and Stability in HTTP-Based Adaptive Streaming with Festive }},
 author = { Junchen Jiang and  Vyas Sekar and Hui Zhang},
year = 2012,
booktitle = { ACM CoNext}
}

@inproceedings{hhh,
author = {Yin Zhang and Sumeet Singh and Subhabrata Sen and Nick Duffield and Carsten Lund},
title  = {{
Online identification of hierarchical heavy hitters: algorithms, evaluation, and applications
}},
booktitle = {Proc.\ IMC},
year = 2004
}

@inproceedings{krishnan2012video,
  title={Video stream quality impacts viewer behavior: inferring causality using quasi-experimental designs},
  author={Krishnan, S Shunmuga and Sitaraman, Ramesh K},
  booktitle={Proceedings of the 2012 ACM conference on Internet measurement conference},
  pages={211--224},
  year={2012},
  organization={ACM}
}

@inproceedings{stanfordimc,
title  = {Confused, timid, and unstable: picking a video streaming rate is hard},
booktitle = {Proc.\ IMC},
author = {Te-Yuan Huang and Nikhil Handigol and Brandon Heller and Nick Mckeown and Ramesh Johari},
year =2012
}


@inproceedings{plissonneau2012longitudinal,
  title={A longitudinal view of HTTP video streaming performance},
  author={Plissonneau, Louis and Biersack, Ernst},
  booktitle={Proc.\ MMSys},
	year = 2012
}

@inproceedings{choffnes2010crowdsourcing,
  title={Crowdsourcing service-level network event monitoring},
  author={Choffnes, David R and Bustamante, Fabi{\'a}n E and Ge, Zihui},
  booktitle={ACM SIGCOMM Computer Communication Review},
  volume={40},
  number={4},
  pages={387--398},
  year={2010},
  organization={ACM}
}

@inproceedings{sanchez2013dasu,
  title={Dasu: Pushing experiments to the Internetâ€™s edge},
  author={S{\'a}nchez, Mario A and Otto, John S and Bischof, Zachary S and Choffnes, David R and Bustamante, Fabi{\'a}n E and Krishnamurthy, Balachander and Willinger, Walter},
  booktitle={Proc. of USENIX NSDI},
  year={2013}
}

@inproceedings{otto2011blind,
  title={On blind mice and the elephant},
  author={Otto, John S and S{\'a}nchez, Mario A and Choffnes, David R and Bustamante, Fabi{\'a}n E and Siganos, Georgos},
  booktitle={Proc. of ACM SIGCOMM},
  year={2011}
}

@misc{quova,
title = {Quova},
howpublished = {\url{http://developer.quova.com/}}
}
