@inproceedings{ager2012anatomy,
  title={Anatomy of a large european IXP},
  author={Ager, Bernhard and Chatzis, Nikolaos and Feldmann, Anja and Sarrar, Nadi and Uhlig, Steve and Willinger, Walter},
  booktitle={Proceedings of the ACM SIGCOMM 2012 conference on Applications, technologies, architectures, and protocols for computer communication},
  pages={163--174},
  year={2012},
  organization={ACM}
}

@inproceedings{gerber2011traffic,
  title={Traffic types and growth in backbone networks},
  author={Gerber, Alexandre and Doverspike, Robert},
  booktitle={Optical Fiber Communication Conference and Exposition (OFC/NFOEC), 2011 and the National Fiber Optic Engineers Conference},
  pages={1--3},
  year={2011},
  organization={IEEE}
}

@inproceedings{labovitz2010internet,
  title={Internet inter-domain traffic},
  author={Labovitz, Craig and Iekel-Johnson, Scott and McPherson, Danny and Oberheide, Jon and Jahanian, Farnam},
  booktitle={ACM SIGCOMM Computer Communication Review},
  volume={40},
  number={4},
  pages={75--86},
  year={2010},
  organization={ACM}
}


@inproceedings{maier2009dominant,
  title={On dominant characteristics of residential broadband internet traffic},
  author={Maier, Gregor and Feldmann, Anja and Paxson, Vern and Allman, Mark},
  booktitle={Proceedings of the 9th ACM SIGCOMM conference on Internet measurement conference},
  pages={90--102},
  year={2009},
  organization={ACM}
}


@book{interne-traffic-report,
author = {Sandvine},
title = {Global Internet phenomena report.}
}


@misc{cisco-reportlong,
  title = {Cisco forecast},
  howpublished = "{\url{http://blogs.cisco.com/sp/comments/cisco_visual_networking_index_forecast_annual_update/}}",
}


@inproceedings{B4,
  title={B4: Experience with a globally-deployed software defined WAN},
  author={Jain, Sushant and Kumar, Alok and Mandal, Subhasree and Ong, Joon and Poutievski, Leon and Singh, Arjun and Venkata, Subbaiah and Wanderer, Jim and Zhou, Junlan and Zhu, Min and others},
  booktitle={Proceedings of the ACM SIGCOMM 2013 conference on SIGCOMM},
  pages={3--14},
  year={2013},
  organization={ACM}
}

@inproceedings{SWAN,
  title={Achieving high utilization with software-driven wan},
  author={Hong, Chi-Yao and Kandula, Srikanth and Mahajan, Ratul and Zhang, Ming and Gill, Vijay and Nanduri, Mohan and Wattenhofer, Roger},
  booktitle={Proceedings of the ACM SIGCOMM 2013 conference on SIGCOMM},
  pages={15--26},
  year={2013},
  organization={ACM}
}

@article{chowdhury2011managing,
  title={Managing data transfers in computer clusters with orchestra},
  author={Chowdhury, Mosharaf and Zaharia, Matei and Ma, Justin and Jordan, Michael I and Stoica, Ion},
  journal={SIGCOMM-Computer Communication Review},
  volume={41},
  number={4},
  pages={98},
  year={2011}
}


@inproceedings{sigcomm11conviva,
author = {Florin Dobrian and  Vyas Sekar and  Asad Awan and  Ion Stoica and  Dilip Antony Joseph and  Aditya Ganjam and  Jibin Zhan and  Hui Zhang},
title  = {{Understanding the impact of video quality on user engagement}},
booktitle = {Proc. SIGCOMM},
year = 2011
}


@inproceedings{imc12akamai,
author = {S. Shunmuga Krishnan and Ramesh K. Sitaraman},
title = {The Impact of Video Stream Quality on Viewer Behavior},
booktitle = {Proc. IMC},
year = 2012
}

@article{mfc,
author = {S. Even and A. Itai and A. Shamir},
title = {On the Complexity of Timetable and Multicommodity Flow Problems},
journal = {SIAM Journal on Computing},
volume={5},
number={4},
pages={691â€“703},
year={1976}
}

@misc{hds,
title = {Adobe HTTP Dynamic Streaming},
howpublished = {\url{www.adobe.com/products/hds-dynamic-streaming.html}}
}


@article{hls,
  title={HTTP live streaming},
  author={Pantos, R.},
  year={2011}
}


@article{akamai2004live,
  title={A transport layer for live streaming in a content delivery network},
  author={Kontothanassis, Leonidas and Sitaraman, Ramesh and Wein, Joel and Hong, Duke and Kleinberg, Robert and Mancuso, Brian and Shaw, David and Stodolsky, Daniel},
  journal={Proceedings of the IEEE},
  volume={92},
  number={9},
  pages={1408--1419},
  year={2004},
  publisher={IEEE}
}


@article{akamai2010,
  title={The akamai network: a platform for high-performance internet applications},
  author={Nygren, Erik and Sitaraman, Ramesh K and Sun, Jennifer},
  journal={ACM SIGOPS Operating Systems Review},
  volume={44},
  number={3},
  pages={2--19},
  year={2010},
  publisher={ACM}
}


@inproceedings{sigcomm12conviva,
  title={A case for a coordinated internet video control plane},
  author={Liu, Xi and Dobrian, Florin and Milner, Henry and Jiang, Junchen and Sekar, Vyas and Stoica, Ion and Zhang, Hui},
  booktitle={Proceedings of the ACM SIGCOMM 2012 conference on Applications, technologies, architectures, and protocols for computer communication},
  pages={359--370},
  year={2012},
  organization={ACM}
}


@inproceedings{conext13junchen,
  title={Shedding Light on the Structure of Internet Video Quality Problems in the Wild},
  author={Jiang, Junchen and Sekar, Vyas and Stoica, Ion and Zhang, Hui},
  booktitle={Proceedings of the ACM CoNEXT 2013},
  year={2013}
}


@article{dash,
author = {{  I. Sodagar}},
title = {{ The MPEG-DASH Standard for Multimedia Streaming Over the Internet}},
journal ={   IEEE Multimedia},
year= 2011
}


@inproceedings{rcp,
  title={Design and implementation of a routing control platform},
  author={Caesar, Matthew and Caldwell, Donald and Feamster, Nick and Rexford, Jennifer and Shaikh, Aman and van der Merwe, Jacobus},
  booktitle={Proceedings of the 2nd conference on Symposium on Networked Systems Design \& Implementation-Volume 2},
  pages={15--28},
  year={2005},
  organization={USENIX Association}
}


@inproceedings{onix,
  title={Onix: A Distributed Control Platform for Large-scale Production Networks.},
  author={Koponen, Teemu and Casado, Martin and Gude, Natasha and Stribling, Jeremy and Poutievski, Leon and Zhu, Min and Ramanathan, Rajiv and Iwata, Yuichiro and Inoue, Hiroaki and Hama, Takayuki and others},
  booktitle={OSDI},
  volume={10},
  pages={1--6},
  year={2010}
}


@article{openflow,
  title={OpenFlow: enabling innovation in campus networks},
  author={McKeown, Nick and Anderson, Tom and Balakrishnan, Hari and Parulkar, Guru and Peterson, Larry and Rexford, Jennifer and Shenker, Scott and Turner, Jonathan},
  journal={ACM SIGCOMM Computer Communication Review},
  volume={38},
  number={2},
  pages={69--74},
  year={2008},
  publisher={ACM}
}


@inproceedings{yu2012tradeoffs,
  title={Tradeoffs in CDN designs for throughput oriented traffic},
  author={Yu, Minlan and Jiang, Wenjie and Li, Haoyuan and Stoica, Ion},
  booktitle={Proceedings of the 8th international conference on Emerging networking experiments and technologies},
  pages={145--156},
  year={2012},
  organization={ACM}
}


@inproceedings{wang2004reliability,
  title={Reliability and Security in the CoDeeN Content Distribution Network.},
  author={Wang, Limin and Park, KyoungSoo and Pang, Ruoming and Pai, Vivek S and Peterson, Larry L},
  booktitle={USENIX Annual Technical Conference, General Track},
  pages={171--184},
  year={2004}
}


@inproceedings{freedman2010experiences,
  title={Experiences with CoralCDN: A Five-Year Operational View.},
  author={Freedman, Michael J},
  booktitle={NSDI},
  pages={95--110},
  year={2010}
}


@inproceedings{huang2008measuring,
  title={Measuring and evaluating large-scale CDNs},
  author={Huang, Cheng and Wang, Angela and Li, Jin and Ross, Keith W},
  booktitle={Internet Measurement Conference (IMC)},
  year={2008}
}


@article{sigcomm12multihoming,
  title={Optimizing cost and performance for content multihoming},
  author={Liu, Hongqiang Harry and Wang, Ye and Yang, Yang Richard and Wang, Hao and Tian, Chen},
  journal={ACM SIGCOMM Computer Communication Review},
  volume={42},
  number={4},
  pages={371--382},
  year={2012},
  publisher={ACM}
}


@article{peterson2013framework,
  title={Framework for CDN interconnection},
  author={Peterson, Larry and Davie, Bruce},
  year={2013}
}


@article{frank2013pushing,
  title={Pushing CDN-ISP Collaboration to the Limit},
  author={Frank, Benjamin and Poese, Ingmar and Lin, Yin and Smaragdakis, Georgios and Feldmann, Anja and Maggs, Bruce and Rake, Jannis and Uhlig, Steve and Weber, Rick},
  journal={ACM SIGCOMM CCR},
  volume={43},
  number={3},
  year={2013}
}


@book{xu2006miro,
  title={MIRO: multi-path interdomain routing},
  author={Xu, Wen and Rexford, Jennifer},
  volume={36},
  number={4},
  year={2006},
  publisher={ACM}
}


@article{motiwala2007path,
  title={Path splicing: Reliable connectivity with rapid recovery},
  author={Motiwala, Murtaza and Feamster, Nick and Vempala, Santosh},
  journal={ACM SIGCOMM HotNets VI},
  year={2007},
  publisher={Citeseer}
}


@article{repantis2010scaling,
  title={Scaling a monitoring infrastructure for the Akamai network},
  author={Repantis, Thomas and Cohen, Jeff and Smith, Scott and Wein, Joel},
  journal={ACM SIGOPS Operating Systems Review},
  volume={44},
  number={3},
  pages={20--26},
  year={2010},
  publisher={ACM}
}


@inproceedings{sigcomm13athula,
  title={Developing a predictive model of quality of experience for internet video},
  author={Balachandran, Athula and Sekar, Vyas and Akella, Aditya and Seshan, Srinivasan and Stoica, Ion and Zhang, Hui},
  booktitle={Proceedings of the ACM SIGCOMM 2013 conference on SIGCOMM},
  pages={339--350},
  year={2013},
  organization={ACM}
}


@inproceedings{ghobadi2012trickle,
  title={Trickle: Rate limiting YouTube video streaming},
  author={Ghobadi, Monia and Cheng, Yuchung and Jain, Ankur and Mathis, Matt},
  booktitle={Proceedings of the USENIX Annual Technical Conference (ATC)},
  pages={6},
  year={2012}
}


@inproceedings{torres2011dissecting,
  title={Dissecting video server selection strategies in the youtube cdn},
  author={Torres, Ruben and Finamore, Alessandro and Kim, Jin Ryong and Mellia, Marco and Munafo, Maurizio M and Rao, Sanjay},
  booktitle={Distributed Computing Systems (ICDCS), 2011 31st International Conference on},
  pages={248--257},
  year={2011},
  organization={IEEE}
}


@inproceedings{conext12junchen,
  title={Improving fairness, efficiency, and stability in http-based adaptive video streaming with festive},
  author={Jiang, Junchen and Sekar, Vyas and Zhang, Hui},
  booktitle={Proceedings of the 8th international conference on Emerging networking experiments and technologies},
  pages={97--108},
  year={2012},
  organization={ACM}
}


@inproceedings{4d,
  title={Tesseract: A 4D Network Control Plane.},
  author={Yan, Hong and Maltz, David A and Ng, TS Eugene and Gogineni, Hemant and Zhang, Hui and Cai, Zheng},
  booktitle={NSDI},
  volume={7},
  pages={27--27},
  year={2007}
}

@inproceedings{googlespanner,
  title={Spanner: Googleâ€™s globally-distributed database},
  author={Corbett, James C and Dean, Jeffrey and Epstein, Michael and Fikes, Andrew and Frost, Christopher and Furman, JJ and Ghemawat, Sanjay and Gubarev, Andrey and Heiser, Christopher and Hochschild, Peter and others},
  booktitle={Proceedings of OSDI},
  volume={1},
  year={2012}
}



@article{ecmp,
  title={Traffic engineering with traditional IP routing protocols},
  author={Fortz, Bernard and Rexford, Jennifer and Thorup, Mikkel},
  journal={Communications Magazine, IEEE},
  volume={40},
  number={10},
  pages={118--124},
  year={2002},
  publisher={IEEE}
}


@inproceedings{danna2012practical,
  title={A practical algorithm for balancing the max-min fairness and throughput objectives in traffic engineering},
  author={Danna, Emilie and Mandal, Subhasree and Singh, Arjun},
  booktitle={INFOCOM, 2012 Proceedings IEEE},
  pages={846--854},
  year={2012},
  organization={IEEE}
}


@article{allalouf2008centralized,
  title={Centralized and distributed algorithms for routing and weighted max-min fair bandwidth allocation},
  author={Allalouf, Miriam and Shavitt, Yuval},
  journal={Networking, IEEE/ACM Transactions on},
  volume={16},
  number={5},
  pages={1015--1024},
  year={2008},
  publisher={IEEE}
}

@inproceedings{akamaiacms,
  title={ACMS: The Akamai configuration management system},
  author={Sherman, Alex and Lisiecki, Philip A and Berkheimer, Andy and Wein, Joel},
  booktitle={Proceedings of the 2nd conference on Symposium on Networked Systems Design \& Implementation-Volume 2},
  pages={245--258},
  year={2005},
  organization={USENIX Association}
}


@inproceedings{iplaneosdi,
  title={iPlane: An information plane for distributed services},
  author={Madhyastha, Harsha V and Isdal, Tomas and Piatek, Michael and Dixon, Colin and Anderson, Thomas and Krishnamurthy, Arvind and Venkataramani, Arun},
  booktitle={Proceedings of the 7th symposium on Operating systems design and implementation},
  pages={367--380},
  year={2006},
  organization={USENIX Association}
}


@inproceedings{yu2013software,
  title={Software defined traffic measurement with opensketch},
  author={Yu, Minlan and Jose, Lavanya and Miao, Rui},
  booktitle={Proceedings 10th USENIX Symposium on Networked Systems Design and Implementation, NSDI},
  volume={13},
  year={2013}
}

@misc{GLPK,
  author       = {GLPK},
  title        = {{GNU Linear Programming Kit}},
  howpublished = {\\{\tt http://www.gnu.org/software/glpk}},
}

@article{planetlab,
 author = {Chun, Brent and Culler, David and Roscoe, Timothy and Bavier, Andy and Peterson, Larry and Wawrzoniak, Mike and Bowman, Mic},
 title = {PlanetLab: an overlay testbed for broad-coverage services},
 journal = {SIGCOMM Comput. Commun. Rev.},
 issue_date = {July 2003},
 volume = {33},
 number = {3},
 month = jul,
 year = {2003},
 issn = {0146-4833},
 pages = {3--12},
 numpages = {10},
 url = {http://doi.acm.org/10.1145/956993.956995},
 doi = {10.1145/956993.956995},
 acmid = {956995},
 publisher = {ACM},
 address = {New York, NY, USA},
} 

@misc{ec2,
  author       = {Amazon},
  title        = {{Amazon Elastic Compute Cloude (Amazon EC2)}},
  howpublished = {\\{\tt http://aws.amazon.com/ec2/}},
}

@misc{apache,
  author       = {Apache Foundation},
  title        = {{Apache HTTP Server Project}},
  howpublished = {\\{\tt http://httpd.apache.org/}},
}

@misc{apachebench,
  author       = {Apache Foundation},
  title        = {{Apache HTTP server benchmarking tool}},
  howpublished = {\\{\tt http://httpd.apache.org/docs/2.2/programs/ab.html}},
}

@inproceedings{rexford-sdn-update,
 author = {Katta, Naga Praveen and Rexford, Jennifer and Walker, David},
 title = {Incremental consistent updates},
 booktitle = {Proceedings of the second ACM SIGCOMM workshop on Hot topics in software defined networking},
 series = {HotSDN '13},
 year = {2013},
 isbn = {978-1-4503-2178-5},
 location = {Hong Kong, China},
 pages = {49--54},
 numpages = {6},
 url = {http://doi.acm.org/10.1145/2491185.2491191},
 doi = {10.1145/2491185.2491191},
 acmid = {2491191},
 publisher = {ACM},
 address = {New York, NY, USA},
 keywords = {consistent network updates, frenetic, network programming languages, openflow, software-defined networking},
} 

@article{zhang2000stationarity,
  title={The stationarity of internet path properties: Routing, loss, and throughput},
  author={Zhang, Yin and Paxson, Vern and Shenker, Scott and Breslau, L},
  journal={Preprint},
  year={2000}
}

@inproceedings{ndn,
  title={Networking named content},
  author={Jacobson, Van and Smetters, Diana K and Thornton, James D and Plass, Michael F and Briggs, Nicholas H and Braynard, Rebecca L},
  booktitle={Proceedings of the 5th international conference on Emerging networking experiments and technologies},
  pages={1--12},
  year={2009},
  organization={ACM}
}

@misc{conversation,
title = {Private conversation with {B}ruce {M}aggs from {A}kamai.}}
