@inproceedings{iptv-sigcomm09,
title = {{Towards Automated Performance Diagnosis in a Large IPTV
Network}},
booktitle  = {Proc.\ SIGCOMM},
author = {Ajay Mahimkar and  Zihui Ge and Aman Shaikh and Jia Wang and Jennifer
Yates and Yin Zhang and  Qi Zhao},
year = 2009
}

@inproceedings{p2pvod-sigcomm08,
title = {{Challenges, Design and Analysis of a Large-scale P2P-VoD
System}},
author = {Yan Huang and  Tom Z. J. Fu, Dah-Ming Chiu and John C. S. Lui and Cheng Huang},
booktitle = {Proc.\ SIGCOMM},
year = 2008
}

@inproceedings{streaming-imc09,
title = {{Live Streaming Performance of the Zattoo Network}},
author = {Hyunseok Chang, Sugih Jamin, Wenjie Wang},
booktitle = {Proc.\ IMC},
year= 2009
}

@inproceedings{beijing-imc09,
title = {{Inside the Bird's Nest: Measurements of Large-Scale Live VoD
from the 2008 Olympics}},
author = { H Yin and others},
booktitle = {Proc.\ IMC},
year= 2009
}


@inproceedings{iptv-imc08,
title = {{Watching Television Over an IP Network}},
author =  {Meeyoung Cha and  Pablo Rodriguez and Jon Crowcroft and Sue Moon and Xavier
Amatriain},
booktitle = {Proc.\ IMC},
year = 2008
}

@inproceedings{youtube-imc07,
title = {{ I Tube, You Tube, Everybody Tubes: Analyzing the World's
Largest User Generated Content Video System}},
author = {Meeyoung Cha and  Haewoon Kwak and Pablo Rodriguez and  Yong-Yeol Ahn and
Sue Moon},
booktitle = {Proc.\ IMC},
year = 2007
}

@inproceedings{youtube2-imc07,
author = {{ Phillipa Gill,  Martin Arlitt, Zongpeng Li,  Anirban
Mahanti}},
title = {{YouTube Traffic Characterization: A View From the Edge}},
booktitle = {Proc.\ IMC},
year = 2007
}


@inproceedings{kay-sigcomm,
title = {{The Feasibility of Supporting Large-Scale Live Streaming
Applications with Dynamic Application End-Points}},
author = {Kunwadee Sripanidkulchai and Aditya Ganjam and Bruce Maggs and Hui
Zhang},
booktitle = {Proc.\ SIGCOMM},
year = 2004  
}

@inproceedings{residential-sigcomm06,
title  = {{The Impact and Implications of the Growth in Residential
User-to-User Traffic}},
  author = {{K. Cho, K. Fukuda, H. Esaki}},
booktitle = {Proc.\ SIGCOMM},
year = 2006
}

@inproceedings{skype-sigcomm06,
title = {{Quantifying Skype User Satisfaction}},	
author = {{  K. Chen, C. Huang, P. Huang, C. Lei}},
booktitle  = {Proc.\ SIGCOMM}, 
year  = 2006
}

@inproceedings{uservod-eurosys06,
author = {{H. Yu, D. Zheng, B. Y. Zhao, and W. Zheng}},
title = {{Understanding User Behavior in Large-Scale Video-on-Demand
Systems}},
booktitle = {Proc.\  Eurosys},
year= 2006
}

@inproceedings{kay-imc,
author = {{K. Sripanidkulchai, B. Maggs, and H. Zhang}},
title = {{ An Analysis of Live Streaming Workloads on the Internet}},
booktitle = {Proc.\ IMC},
year = 2004
}

@inproceedings{p2pvod,
author = {{B. Cheng, X. Liu, Z. Zhang, and H. Jin}},
title = { A Measurement Study of a Peer-to-Peer Video-on-Demand System},
booktitle = {Proc.\ IPTPS},
year =  2007
}

@inproceedings{gummadi-osdi02,
title = {{An Analysis of Internet Content Delivery Systems}},
author  = {Stefan Saroiu and  Krishna P. Gummadi and Richard J. Dunn and Steven
D. Gribble and Henry M. Levy},
 booktitle = {Proc.\ OSDI},
year = 2002
}

@inproceedings{vod-eurosys08,
author = {{B. Cheng, L. Stein, H. Jin, and Z. Zheng}},
title = {{Towards
Cinematic Internet Video-On-Demand}}, 
booktitle = {Proc.\ Eurosys},
year = 2008
}

@inproceedings{streaming-www04,
author = {{C. Costa, I. Cunha, A. Borges, C. Ramos, M. Rocha, J.
Almeida, and B. Ribeiro-Neto}},
title = {{ Analyzing Client Interactivity in Streaming Media}},
booktitle = { Proc.\ WWW},
year =  2004
}

@inproceedings{p2pvod-www07,
author = {{S. Guha, S. Annapureddy, C. Gkantsidis, D. Gunawardena, and
P. Rodriguez}},
title = {{Is High-Quality VoD Feasible using P2P Swarming?}},
booktitle = {Proc.\  WWW},
year=  2007
}
@article{pplive-ton,
author = {Xiaojun Hei and   Chao Liang and   Jian Liang and Yong Liu and
Keith W. Ross}},
title = {{A measurement study of a large-scale P2P IPTV system}},
journal = {IEEE Transactions on Multimedia},
year = 2007
}

@misc{wikiblindmen,
title = {{The tale of three blind men and an elephant}},
howpublished={\url{http://en.wikipedia.org/wiki/Blind_men_and_an_elephant}}
}

@inproceedings{p2pineff, 
author = {{C. Wu, B. Li, and S. Zhao}},
title = {{ Diagnosing Network-wide P2P Live Streaming Inefficiencies}},
booktitle = {Proc.\ INFOCOM},
year = 2009
}

@inproceedings{ali,
author = {{S. Ali, A. Mathur, and H. Zhang}},
title = {{ Measurement of Commercial
Peer-to-Peer Live Video Streaming}},
booktitle = {Proc.\ Workshop on Recent Advances in Peer-to-Peer Streaming},
year =  2006
}


@misc{keynote, 
title = {Keynote Systems},
howpublished = {\url{http://www.keynote.com}},
}

@inproceedings{webhci1,
author = {{A. Bouch, A. Kuchinsky, and N. Bhatti}},
title = {{Quality is in the Eye of the Beholder: Meeting Users' Requirements for Internet Quality of Service}},
booktitle  = {Proc. \  CHI},
year = 2000
}
@inproceedings{webhci2,
author = {{I. Ceaparu, J. Lazar, K. Bessiere, J. Robinson, and B. Shneiderman}},
title = {{Determining Causes and Severity of End-User Frustration}}, 
booktitle = {International Journal of Human-Computer Interaction}
}

@article{webhci3,
author = {{D. Galletta, R. Henry, S. McCoy, and P. Polak}},
title = {{Web Site Delays: How Tolerant are Users?}},
journal =  {Journal of the Association for Information Systems},
number = 1,
year = 2004
}


@misc{herbsimon,
author = {H. A. Simon},
title = {{ Designing Organizations for an Information-Rich World}} ,
howpublished = {Martin Greenberger, Computers, Communication, and the
Public Interest,  The Johns Hopkins Press}
}
@misc{hadoop,
title = {Hadoop},
howpublished = {\url{http://hadoop.apache.org/}}
}

@misc{hive,
title = {Hive},
howpublished = {\url{http://hive.apache.org/}}
}

@book{mlbook,
author = {Tom Mitchell},
title = {Machine Learning},
publisher = {McGraw-Hill}
}
