@inproceedings{iptv-sigcomm09,
title = {{Towards Automated Performance Diagnosis in a Large IPTV
Network}},
booktitle  = {Proc.\ SIGCOMM},
author = {Ajay Mahimkar and  Zihui Ge and Aman Shaikh and Jia Wang and Jennifer
Yates and Yin Zhang and  Qi Zhao},
year = 2009
}

@inproceedings{p2pvod-sigcomm08,
title = {{Challenges, Design and Analysis of a Large-scale P2P-VoD
System}},
author = {Yan Huang and  Tom Z. J. Fu, Dah-Ming Chiu and John C. S. Lui and Cheng Huang},
booktitle = {Proc.\ SIGCOMM},
year = 2008
}

@inproceedings{streaming-imc09,
title = {{Live Streaming Performance of the Zattoo Network}},
author = {Hyunseok Chang, Sugih Jamin, Wenjie Wang},
booktitle = {Proc.\ IMC},
year= 2009
}

@inproceedings{beijing-imc09,
title = {{Inside the Bird's Nest: Measurements of Large-Scale Live VoD
from the 2008 Olympics}},
author = { H. Yin et al},
booktitle = {Proc.\ IMC},
year= 2009
}


@inproceedings{iptv-imc08,
title = {{Watching Television Over an IP Network}},
author =  {Meeyoung Cha and  Pablo Rodriguez and Jon Crowcroft and Sue Moon and Xavier
Amatriain},
booktitle = {Proc.\ IMC},
year = 2008
}

@inproceedings{youtube-imc07,
title = {{ I Tube, You Tube, Everybody Tubes: Analyzing the World's
Largest User Generated Content Video System}},
author = {Meeyoung Cha and  Haewoon Kwak and Pablo Rodriguez and  Yong-Yeol Ahn and
Sue Moon},
booktitle = {Proc.\ IMC},
year = 2007
}

@inproceedings{youtube2-imc07,
author = {{ Phillipa Gill,  Martin Arlitt, Zongpeng Li,  Anirban
Mahanti}},
title = {{YouTube Traffic Characterization: A View From the Edge}},
booktitle = {Proc.\ IMC},
year = 2007
}


@inproceedings{kay-sigcomm,
title = {{The Feasibility of Supporting Large-Scale Live Streaming
Applications with Dynamic Application End-Points}},
author = {Kunwadee Sripanidkulchai and Aditya Ganjam and Bruce Maggs and Hui
Zhang},
booktitle = {Proc.\ SIGCOMM},
year = 2004  
}

@inproceedings{residential-sigcomm06,
title  = {{The Impact and Implications of the Growth in Residential
User-to-User Traffic}},
  author = {{K. Cho, K. Fukuda, H. Esaki}},
booktitle = {Proc.\ SIGCOMM},
year = 2006
}

@inproceedings{skype-sigcomm06,
title = {{Quantifying Skype User Satisfaction}},	
author = {{  K. Chen, C. Huang, P. Huang, C. Lei}},
booktitle  = {Proc.\ SIGCOMM}, 
year  = 2006
}

@inproceedings{uservod-eurosys06,
author = {{H. Yu, D. Zheng, B. Y. Zhao, and W. Zheng}},
title = {{Understanding User Behavior in Large-Scale Video-on-Demand
Systems}},
booktitle = {Proc.\  Eurosys},
year= 2006
}

@inproceedings{kay-imc,
author = {{K. Sripanidkulchai, B. Maggs, and H. Zhang}},
title = {{ An Analysis of Live Streaming Workloads on the Internet}},
booktitle = {Proc.\ IMC},
year = 2004
}

@inproceedings{p2pvod,
author = {{B. Cheng, X. Liu, Z. Zhang, and H. Jin}},
title = { A Measurement Study of a Peer-to-Peer Video-on-Demand System},
booktitle = {Proc.\ IPTPS},
year =  2007
}

@inproceedings{gummadi-osdi02,
title = {{An Analysis of Internet Content Delivery Systems}},
author  = {Stefan Saroiu and  Krishna P. Gummadi and Richard J. Dunn and Steven
D. Gribble and Henry M. Levy},
 booktitle = {Proc.\ OSDI},
year = 2002
}

@inproceedings{vod-eurosys08,
author = {{B. Cheng, L. Stein, H. Jin, and Z. Zheng}},
title = {{Towards
Cinematic Internet Video-On-Demand}}, 
booktitle = {Proc.\ Eurosys},
year = 2008
}

@inproceedings{streaming-www04,
author = {{C. Costa, I. Cunha, A. Borges, C. Ramos, M. Rocha, J.
Almeida, and B. Ribeiro-Neto}},
title = {{ Analyzing Client Interactivity in Streaming Media}},
booktitle = { Proc.\ WWW},
year =  2004
}

@inproceedings{p2pvod-www07,
author = {{S. Guha, S. Annapureddy, C. Gkantsidis, D. Gunawardena, and
P. Rodriguez}},
title = {{Is High-Quality VoD Feasible using P2P Swarming?}},
booktitle = {Proc.\  WWW},
year=  2007
}
@article{pplive-ton,
author = {Xiaojun Hei and   Chao Liang and   Jian Liang and Yong Liu and
Keith W. Ross}},
title = {{A measurement study of a large-scale P2P IPTV system}},
journal = {IEEE Transactions on Multimedia},
year = 2007
}

@misc{wikiblindmen,
title = {{The tale of three blind men and an elephant}},
howpublished={\url{http://en.wikipedia.org/wiki/Blind_men_and_an_elephant}}
}

@inproceedings{p2pineff, 
author = {{C. Wu, B. Li, and S. Zhao}},
title = {{ Diagnosing Network-wide P2P Live Streaming Inefficiencies}},
booktitle = {Proc.\ INFOCOM},
year = 2009
}

@inproceedings{ali,
author = {{S. Ali, A. Mathur, and H. Zhang}},
title = {{ Measurement of Commercial
Peer-to-Peer Live Video Streaming}},
booktitle = {Proc.\ Workshop on Recent Advances in Peer-to-Peer Streaming},
year =  2006
}


@misc{keynote, 
title = {Keynote Systems},
howpublished = {\url{http://www.keynote.com}},
}

@inproceedings{webhci1,
author = {{A. Bouch, A. Kuchinsky, and N. Bhatti}},
title = {{Quality is in the Eye of the Beholder: Meeting Users' Requirements for Internet Quality of Service}},
booktitle  = {Proc. \  CHI},
year = 2000
}
@inproceedings{webhci2,
author = {{I. Ceaparu, J. Lazar, K. Bessiere, J. Robinson, and B. Shneiderman}},
title = {{Determining Causes and Severity of End-User Frustration}}, 
booktitle = {International Journal of Human-Computer Interaction}
}

@article{webhci3,
author = {{D. Galletta, R. Henry, S. McCoy, and P. Polak}},
title = {{Web Site Delays: How Tolerant are Users?}},
journal =  {Journal of the Association for Information Systems},
number = 1,
year = 2004
}

@misc{akamaitechtalklong,
title = {{Driving Engagement for Online Video}},
howpublished = {\url{http://events.digitallyspeaking.com/akamai/mddec10/post.html?hash=ZDlBSGhsMXBidnJ3RXNWSW5mSE1HZz09}}
}


@misc{akamaitechtalk,
title = {{Driving Engagement for Online Video}},
howpublished = {\url{ http://goo.gl/19EAe}}
}

@misc{cisco-reportlong,
  title = {Cisco forecast},
  howpublished = "{\url{http://blogs.cisco.com/sp/comments/cisco\_visual\_networking\_index\_forecast\_annual\_update/}}",
}

@misc{cisco-report,
  title = {Cisco forecast},
  howpublished = "{\url{http://goo.gl/hHzW4}}",
}


@misc{netflixlong,
title = {{Mail service costs Netflix 20 times more than streaming}},
howpublished =
{\url{http://www.techspot.com/news/42036-mail-service-costs-netflix-20-times-more-than-streaming.html}}
}

@misc{netflix,
title = {{Mail service costs Netflix 20 times more than streaming}},
howpublished = {\url{http://goo.gl/msuYK}}
}


@misc{herbsimon,
author = {H. A. Simon},
title = {{ Designing Organizations for an Information-Rich World}} ,
howpublished = {Martin Greenberger, Computers, Communication, and the
Public Interest,  The Johns Hopkins Press}
}
@misc{hadoop,
title = {Hadoop},
howpublished = {\url{http://hadoop.apache.org/}}
}

@misc{hive,
title = {Hive},
howpublished = {\url{http://hive.apache.org/}}
}

@book{mlbook,
author = {Tom Mitchell},
title = {Machine Learning},
publisher = {McGraw-Hill}
}

@article{Powell2011,
    author = {I.O. Ryzhov and P.I. Frazier and W.B. Powell},
    title = {The knowledge gradient algorithm for a general class of online learning problems},
    year = {2011},
    howpublished = {\url{http://www.princeton.edu/~iryzhov/journal/online7.pdf}}
}

@misc{George2009,
	howpublished ={http://www.scientificcommons.org/53756787},
	title = {Value Function Approximation using Multiple Aggregation for Multiattribute Resource Management},
	author = {Abraham George and Warren B. Powell and Sanjeev R. Kulkarni and Sridhar Mahadevan},
	year = {2009},
}

@inproceedings{Mccallum96learningto,
    author = {Andrew Kachites Mccallum},
    title = {Learning to Use Selective Attention and Short-Term Memory in Sequential Tasks},
    booktitle = {Proc.  Conference on Simulation of Adaptive Behavior},
    year = {1996}
}

@inproceedings{sigcomm11,
author = {Florin Dobrian and  Vyas Sekar and  Asad Awan and  Ion Stoica and  Dilip Antony Joseph and  Aditya Ganjam and  Jibin Zhan and  Hui Zhang},  
title  = {{Understanding the impact of video quality on user engagement}},
booktitle = {Proc. SIGCOMM},
year = 2011
}

@inproceedings{mmsys2012-http,
title = {{A Longitudinal View of HTTP Video Streaming Performance}},
author = { L Plissonneau and E Biersack},
booktitle = {Proc.\ MMSys},
year = 2012
}

@inproceedings{mmsys2011-path,
title = {{Effects of Internet Path selection on Video QoE}},
author = {{M. Venkataraman and M. Chatterjee}},
booktitle = {Proc.\ MMSys},
year = 2011
}

@misc{netflix-keynote,
title = {HTTP Adaptive Streaming in Practice},
author = {Mark Watson},
howpublished = {\url{http://web.cs.wpi.edu/~claypool/mmsys-2011/Keynote02.pdf}}
}


@inproceedings{youtube-infra,
author = {Vijay Kumar Adhikari and  Yingying Chen and  Sourabh Jain and Zhi-Li Zhang},
title = {{ Where Do You 'Tube'? Uncovering YouTube Server Selection Strategy}},
booktitle = {Proc.  IEEE ICCCN},
year = 2011
}

@inproceedings{qscore, 
title = {{Q-score: Proactive Service Quality Assessment in a Large IPTV System}},
author = {Han Hee Song and  Zihui Ge  and  Ajay Mahimkar and  Jia Wang and   Jennifer Yates and  
Yin Zhang and  Andrea Basso and  Min Chen },
booktitle = {Proc. IMC},
year =2011
}


@inproceedings{youtube-imc11,
title = { YouTube Everywhere: Impact of Device and Infrastructure Synergies on User Experience},
author = {Alessandro Finamore  and  Marco Mellia  and  Maurizio Munafo  and  Ruben Torres and  Sanjay G. Rao 
},
booktitle = {Proc. IMC},
year = 2011
}


@misc{curseofdim,
title = {Adaptive control processes: a guided tour},
author = {Richard Ernest Bellman},
howpublished ={Princeton University Press}
}


@inproceedings{extrapolation,
author = {{I. Ryzhov  and W. B. Powell}},
title = {{Bayesian Active Learning with Basis Functions}},
booktitle = {Proc.\  IEEE Workshop on Adaptive Dynamic Programming and Reinforcement Learning},
 year = 2011
}

@misc{videoquality,
title = {Video quality metrics},
howpublished = {\url{http://www.akamai.com/html/solutions/stream_analyzer.html}}
}
@misc{smooth-hd,
title = {{Microsoft Smooth Streaming}},
howpublished = {\url{http://www.microsoft.com/silverlight/smoothstreaming}} 
}


@misc{movenetworks,
title = {Move Networks},
howpublished = {\url{http://www.movenetworks.com/}}
}

@misc{akamaihd,
title = {Akamai HD Adaptive Streaming},
howpublished = {\url{http://wwwns.akamai.com/hdnetwork/demo/index.html}}
}

@inproceedings{netalyzr,
title  ={{ Netalyzr: Illuminating The Edge Network}},
author = { Christian Kreibich and Boris Nechaev and Vern Paxson and Nicholas Weaver},
booktitle = {Proc.\ IMC},
year= 2010
}

@inproceedings{youtubeminn,
title = {{YouTube Traffic Dynamics and Its Interplay with a Tier-1 ISP: An ISP Perspective}},
author = {Vijay Kumar Adhikari and Sourabh Jain and  Zhi-Li Zhang},
booktitle = {Proc.\ IMC},
year= 2010
}

@inproceedings{googlecdnopt,
title = {{Moving Beyond End-to-End Path Information to Optimize CDN Performance}},
author = {Rupa Krishnan and  Harsha V. Madhyastha and  Sushant Jain and  Sridhar Srinivasan and  Arvind Krishnamurthy and  Thomas Anderson and  Jie Gao},
booktitle = {Internet Measurement Conference (IMC)},
year =  2009
} 

@inproceedings{youtubecdn,
title = {{Dissecting Video Server Selection Strategies in the YouTube CDN}},
author = { Ruben Torres and  Alessandro Finamore and  Jin Ryong Kim and  Marco Mellia and  Maurizio M. Munafo and Sanjay Rao},
booktitle = {ICDCS},
year = 2011
}

  
@article{dash,
author = {{  I. Sodagar}},
title = {{ The MPEG-DASH Standard for Multimedia Streaming Over the Internet}},
journal ={   IEEE Multimedia},
year= 2011
}


@article{coding1,
author = {J. Byers and M. Luby and M. Mitzenmacher},
title = {{A digital
fountain approach to asynchronous reliable multicast}},
journal = {IEEE JSAC},
month = oct, 
year = 2002
}

@article{coding2,
author = {S. McCanne and M. Vetterli  and V.  Jacobson},
title = {{Low-complexity video coding for receiver-driven layered multicast}},
journal = {IEEE JSAC},
month = aug,
year = 1997
}

@inproceedings{mmsys12-biersack,
author = {L. Plissonneau, E. Biersack},
title = {{A Longitudinal View of HTTP Video Streaming Performance}},
booktitle = {MMSys},
year =2012
}


@inproceedings{akamaivid,
title = {{An Experimental Investigation of the Akamai Adaptive Video Streaming}},
 author = {Luca De Cicco and Saverio Mascolo},
 booktitle = {Proc.\ USAB},
year = 2010
}



@inproceedings{planetseer,
title = {{PlanetSeer: Internet Path Failure Monitoring
and Characterization in Wide-Area Services}},
author = {Ming Zhang and  Chi Zhang and  Vivek Pai and  Larry Peterson and  and Randy Wang},
booktitle = {OSDI},
year =2004
}


@misc{pantos,
author = {{R. Pantos}},
title = {{ Http live streaming}},
howpublished = { Mar. 2011. IEFT Draft}
}
@misc{federated1,
author = {{R. Powell}},
title = {{ The federated cdn cometh}},
howpublished = { May 2011. TelecomRamblings.com}
}
@misc{federated2,
author = {D Rayburn},
title = {{ Telcos and carriers forming new federated cdn group called ocx
(operator carrier exchange)}},
howpublished = { June 2011. StreamingMediaBlog.com}
}
@article{NWF:78,
author = {{G. Nemhauser, L. Wosley, and M. Fisher}},
title = {An analysis of the approximations for maximizing submodular set functions},
journal = {Mathematical Programming},
volume = 14,
year = 1978,
pages = {265-294}
}

@inproceedings{M:77,
author = {{M. Minoux}},
title = {{ Accelerated Greedy Algorithms for Maximizing Submodular Set Functions}},
booktitle = {Proc. of 8th IFIP Conference, Springer-Verlag},
year= 1977
}


@inproceedings{hulu,
author = {Vijay Kumar Adhikari and  Yang Guo and  Fang Hao and Volker Hilt and and Zhi-Li Zhang},
title = {{ A Tale of Three CDNs: An Active Measurement Study of Hulu and Its CDNs}},
booktitle = {Proc.\  IEEE Global Internet Symposium},
year= 2012
}

@inproceedings{cdnimc,
author = {{C. Huang, A. Wang, J. Li, and K. W. Ross}},
title = {{Measuring and evaluating
large-scale CDNs (Paper withdrawn at Mirosoft’s request)}}, 
booktitle = {IMC},
 year =2008
}

@inproceedings{experts,
title   = {{Exploration-Exploitation Tradeoffs for Experts Algorithms in Reactive Environments}},
booktitle = {Proc.\ NIPS},
author  = {Daniela Pucci de Farias and 	Nimrod Megiddo},
year = 2004
}

@article{experts2,
author = {{N. Littlestone and  M. K. Warmuth}},
title = {{ The weighted majority algorithm}},
journal = { Information and Computation},
year = 1994
}

@inproceedings{spaa03,
author = {Konstantin Andreev and Bruce M. Maggs and Adam Meyerson and Ramesh Sitaraman},
title = {{ Designing Overlay Multicast Networks for Streaming}},
booktitle = {Proc.\ SPAA},
year=  2003
}

@inproceedings{spaa03,
author = {Konstantin Andreev and Bruce M. Maggs and Adam Meyerson and Ramesh Sitaraman},
title = {{ Designing Overlay Multicast Networks for Streaming}},
booktitle = {Proc.\ SPAA},
year=  2003
}

@inproceedings{videoplacement,
title = {{Optimal Content Placement for a Large-Scale VoD System}},
author = {David Applegate and Aaron Archer and  Vijay Gopalakrishnan and  Seungjoon Lee and  Kadangode K. Ramakrishnan}, 
booktitle = {Proc.\ CoNext},
year = 2010
}


@inproceedings{antfarm,
title = {{Antfarm: Efficient Content Distribution with Managed Swarms}},
 author = {Ryan S. Peterson and Emin Gün Sirer},
booktitle = {Proc.\ NSDI},
 year = 2009
}

