@inproceedings{jiang2013shedding,
  title={Shedding light on the structure of internet video quality problems in the wild},
  author={Jiang, Junchen and Sekar, Vyas and Stoica, Ion and Zhang, Hui},
  booktitle={Proceedings of the ninth ACM conference on Emerging networking experiments and technologies},
  pages={357--368},
  year={2013},
  organization={ACM}
}

@article{peterson2013framework,
  title={Framework for CDN interconnection},
  author={Peterson, Larry and Davie, Bruce},
  year={2013},
  howpublished = {\url{/http://tools.ietf.org/html/draft-ietf-cdni-framework-03/}}
}

@article{frank2013pushing,
  title={Pushing CDN-ISP Collaboration to the Limit},
  author={Frank, Benjamin and Poese, Ingmar and Lin, Yin and Smaragdakis, Georgios and Feldmann, Anja and Maggs, Bruce and Rake, Jannis and Uhlig, Steve and Weber, Rick},
  journal={ACM SIGCOMM CCR},
  volume={43},
  number={3},
  year={2013}
}

@inproceedings{stemm2000network,
  title={A network measurement architecture for adaptive applications},
  author={Stemm, Mark and Katz, Randy and Seshan, Srinivasan},
  booktitle={INFOCOM 2000. Nineteenth Annual Joint Conference of the IEEE Computer and Communications Societies. Proceedings. IEEE},
  volume={1},
  pages={285--294},
  year={2000},
  organization={IEEE}
}

@inproceedings{tootoonchian2012controller,
  title={On controller performance in software-defined networks},
  author={Tootoonchian, Amin and Gorbunov, Sergey and Ganjali, Yashar and Casado, Martin and Sherwood, Rob},
  booktitle={USENIX Workshop on Hot Topics in Management of Internet, Cloud, and Enterprise Networks and Services (Hot-ICE)},
  year={2012}
}


@inproceedings{yan2007tesseract,
  title={Tesseract: A 4D Network Control Plane.},
  author={Yan, Hong and Maltz, David A and Ng, TS Eugene and Gogineni, Hemant and Zhang, Hui and Cai, Zheng},
  booktitle={NSDI},
  volume={7},
  pages={27--27},
  year={2007}
}


@inproceedings{balakrishnan1999integrated,
  title={An integrated congestion management architecture for Internet hosts},
  author={Balakrishnan, Hari and Rahul, Hariharan S and Seshan, Srinivasan},
  booktitle={ACM SIGCOMM Computer Communication Review},
  volume={29},
  number={4},
  pages={175--187},
  year={1999},
  organization={ACM}
}
